
@article{lin1982review,
  title={NASA-CR-168635: A review of the salt-gradient solar pond technology},
  author={Lin, EIH},
  year={1982}
}

@phdthesis{ekman1904dead,
  title={On dead water, Norw. N. Polar Exped. 1893--1896: Sci. Results, XV, Christiana},
  author={Ekman, VW},
  year={1904},
  school={Ph. D. thesis}
}

@article{mercier2011resurrecting,
  title={Resurrecting dead-water phenomenon},
  author={Mercier, Matthieu and Vasseur, Romain and Dauxois, Thierry},
  journal={arXiv preprint arXiv:1103.0903},
  year={2011}
}

@article{ganzevles2009swimming,
  title={Swimming obstructed by dead-water},
  author={Ganzevles, Sander PM and van Nuland, Fons SW and Maas, Leo RM and Toussaint, Huub M},
  journal={Naturwissenschaften},
  volume={96},
  number={4},
  pages={449--456},
  year={2009},
  publisher={Springer}
}

@article{maas2006worden,
  title={Worden mooi-weer verdrinkingen door dood-water veroorzaakt},
  author={Maas, LRM and van Haren, H},
  journal={Meteorologica},
  volume={15},
  pages={211--216},
  year={2006}
}




@inproceedings{zhao2010overview,
  title={An overview of modeling methods for thermal mixing and stratification in large enclosures for reactor safety analysis},
  author={Zhao, Haihua and Peterson, Per F},
  booktitle={The 8th International Topical Meeting on Nuclear Thermal-Hydraulics, Operation and Safety (NUTHOS-8). Shanghai},
  year={2010}
}


@inproceedings{brun2013gravity,
  title={On gravity waves in the Sun},
  author={Brun, Allan Sacha and Alvan, Lucie and Strugarek, Antoine and Mathis, St{\'e}phane and Garc{\'\i}a, Rafael A},
  booktitle={Journal of Physics: Conference Series},
  volume={440},
  number={1},
  pages={012043},
  year={2013},
  organization={IOP Publishing}
}


@inproceedings{majed2013high,
  title={High Fidelity Sink Trajectory Nonlinear Simulations for Dropped Subsea Objects},
  author={Majed, Arya and Cooper, Phil and others},
  booktitle={The Twenty-third International Offshore and Polar Engineering Conference},
  year={2013},
  organization={International Society of Offshore and Polar Engineers}
}

@inproceedings{awotahegn20163d,
  title={3D Study of Dropped Object Motion in Sea Water Based on Scale Test},
  author={Awotahegn, Michael Berhe and Oosterkamp, Ljiljana Djapic and Nystr{\o}m, Per Richard and others},
  booktitle={The 26th International Ocean and Polar Engineering Conference},
  year={2016},
  organization={International Society of Offshore and Polar Engineers}
}

@article{yasseri2014experiment,
  title={Experiment of free-falling cylinders in water},
  author={Yasseri, Sirous},
  journal={Underwater Technology},
  volume={32},
  number={3},
  pages={177--191},
  year={2014},
  publisher={Society for Underwater Technology}
}



@book{maxwell,
  title={The Scientific Letters and Papers of James Clerk Maxwell: 1846-1862},
  author={Maxwell, James Clerk},
  year={1990},
  publisher={CUP Archive},
  pages={216--218}
}

@book{dupleich1941rotation,
  title={Rotation par chute libre des ailettes rectangulaires de forme allong{\'e}e},
  author={Dupleich, Paul},
  volume={176},
  year={1941},
  publisher={Blondel La Rougery}
}


@article{willmarth1964steady,
  title={Steady and unsteady motions and wakes of freely falling disks},
  author={Willmarth, William W and Hawk, Norman E and Harvey, Robert L},
  year={1964},
  publisher={The American Institute of Physics}
}

@book{stringham1969,
  title={The behavior of large particles falling in quiescent liquids},
  author={Stringham, GE and Simons, Daryl B and Guy, Harold P},
  year={1969},
  publisher={US Government Printing Office}
}

@article{field1997,
  title={Chaotic dynamics of falling disks},
  author={Field, Stuart B and Klaus, M and Moore, MG and Nori, Franco},
  journal={Nature},
  volume={388},
  number={6639},
  pages={252--254},
  year={1997},
  publisher={Nature Publishing Group}
}

@article{ern2012wake,
  title={Wake-induced oscillatory paths of bodies freely rising or falling in fluids},
  author={Ern, Patricia and Risso, Fr{\'e}d{\'e}ric and Fabre, David and Magnaudet, Jacques},
  journal={Annual Review of Fluid Mechanics},
  volume={44},
  pages={97--121},
  year={2012},
  publisher={Annual Reviews}
}

@article{luke2014,
  title={Coins falling in water},
  author={Heisinger, Luke and Newton, Paul and Kanso, Eva},
  journal={Journal of Fluid Mechanics},
  volume={742},
  pages={243--253},
  year={2014},
  publisher={Cambridge Univ Press}
}


@article{pawlowicz2013key,
  title={Key physical variables in the ocean: temperature, salinity, and density},
  author={Pawlowicz, R},
  journal={Nature Education Knowledge},
  volume={4},
  number={4},
  pages={13},
  year={2013},
  publisher={Nature Publishing Group London}
}

@article{fortuin,
  title={Theory and application of two supplementary methods of constructing density gradient columns},
  author={Fortuin, JMH},
  journal={Journal of Polymer Science},
  volume={44},
  number={144},
  pages={505--515},
  year={1960},
  publisher={Wiley Online Library}
}

@article{oster1965density,
  title={Density gradients},
  author={Oster, Gerald},
  journal={Scientific American},
  volume={213},
  pages={70--76},
  year={1965}
}

@article{hill2002general,
  title={General density gradients in general domains: the “two-tank” method revisited},
  author={Hill, DF},
  journal={Experiments in fluids},
  volume={32},
  number={4},
  pages={434--440},
  year={2002},
  publisher={Springer}
}

@article{zhong2013experimental,
  title={Experimental investigation of freely falling thin disks. Part 1. The flow structures and Reynolds number effects on the zigzag motion},
  author={Zhong, Hongjie and Lee, Cunbiao and Su, Zhuang and Chen, Shiyi and Zhou, Mingde and Wu, Jiezhi},
  journal={Journal of Fluid Mechanics},
  volume={716},
  pages={228--250},
  year={2013},
  publisher={Cambridge Univ Press}
}

@article{lee2013experimental,
  title={Experimental investigation of freely falling thin disks. Part 2. Transition of three-dimensional motion from zigzag to spiral},
  author={Lee, Cunbiao and Su, Zhuang and Zhong, Hongjie and Chen, Shiyi and Zhou, Mingde and Wu, Jiezhi},
  journal={Journal of Fluid Mechanics},
  volume={732},
  pages={77--104},
  year={2013},
  publisher={Cambridge Univ Press}
}

@article{ivey2004strat,
  title={Stratification and mixing in sea straits},
  author={Ivey, GN},
  journal={Deep Sea Research Part II: Topical Studies in Oceanography},
  volume={51},
  number={4},
  pages={441--453},
  year={2004},
  publisher={Elsevier}
}


@article{macintyre2014strat,
  title={Stratification and horizontal exchange in Lake Victoria, East Africa},
  author={MacIntyre, Sally and Romero, Jos{\'e} R and Silsbe, Gregory M and Emery, Brian M},
  journal={Limnology and Oceanography},
  volume={59},
  number={6},
  pages={1805--1838},
  year={2014},
  publisher={Wiley Online Library}
}

@article{leal1980particle,
  title={Particle motions in a viscous fluid},
  author={Leal, LG},
  journal={Annual Review of Fluid Mechanics},
  volume={12},
  number={1},
  pages={435--476},
  year={1980},
  publisher={Annual Reviews 4139 El Camino Way, PO Box 10139, Palo Alto, CA 94303-0139, USA}
}


@article{belmonte1998flutter,
  title={From flutter to tumble: inertial drag and Froude similarity in falling paper},
  author={Belmonte, Andrew and Eisenberg, Hagai and Moses, Elisha},
  journal={Physical Review Letters},
  volume={81},
  number={2},
  pages={345},
  year={1998},
  publisher={APS}
}


@article{augspurger1986,
  title={Morphology and dispersal potential of wind-dispersed diaspores of neotropical trees},
  author={Augspurger, Carol K},
  journal={American journal of Botany},
  pages={353--363},
  year={1986},
  publisher={JSTOR}
}

@article{tanabe1994behavior,
  title={Behavior of a falling paper},
  author={Tanabe, Yoshihiro and Kaneko, Kunihiko},
  journal={Physical Review Letters},
  volume={73},
  number={10},
  pages={1372},
  year={1994},
  publisher={APS}
}

@article{dickinson1999wing,
  title={Wing rotation and the aerodynamic basis of insect flight},
  author={Dickinson, Michael H and Lehmann, Fritz-Olaf and Sane, Sanjay P},
  journal={Science},
  volume={284},
  number={5422},
  pages={1954--1960},
  year={1999},
  publisher={American Association for the Advancement of Science}
}

@article{andersen2005unsteady,
  title={Unsteady aerodynamics of fluttering and tumbling plates},
  author={Andersen, A and Pesavento, U and Wang, Z Jane},
  journal={Journal of Fluid Mechanics},
  volume={541},
  pages={65--90},
  year={2005},
  publisher={Cambridge Univ Press}
}


@article{andersen2005analysis,
  title={Analysis of transitions between fluttering, tumbling and steady descent of falling cards},
  author={Andersen, Anders and Pesavento, Umberto and Wang, Z Jane},
  journal={Journal of Fluid Mechanics},
  volume={541},
  pages={91--104},
  year={2005},
  publisher={Cambridge Univ Press}
}

@article{pesavento2004falling,
  title={Falling paper: Navier-Stokes solutions, model of fluid forces, and center of mass elevation},
  author={Pesavento, Umberto and Wang, Z Jane},
  journal={Physical review letters},
  volume={93},
  number={14},
  pages={144501},
  year={2004},
  publisher={APS}
}


@article{hanazaki2009jets,
  title={Jets generated by a sphere moving vertically in a stratified fluid},
  author={Hanazaki, H and Kashimoto, K and Okamura, T},
  journal={Journal of Fluid Mechanics},
  volume={638},
  pages={173--197},
  year={2009},
  publisher={Cambridge Univ Press}
}


@article{macintyre1995accumulation,
  title={Accumulation of marine snow at density discontinuities in the water column},
  author={MacIntyre, Sally and Alldredge, Alice L and Gotschalk, Chris C},
  journal={OCEANOGRAPHY},
  volume={40},
  number={3},
  year={1995}
}

@book{jacobson2005fundamentals,
  title={Fundamentals of atmospheric modeling},
  author={Jacobson, Mark Z},
  year={2005},
  publisher={Cambridge university press}
}

@article{ardekani2010stratlets,
  title={Stratlets: Low Reynolds number point-force solutions in a stratified fluid},
  author={Ardekani, AM and Stocker, R},
  journal={Physical review letters},
  volume={105},
  number={8},
  pages={084502},
  year={2010},
  publisher={APS}
}

@article{c1999gravitational,
  title={Gravitational settling of particles through density interfaces},
  author={C-MITROVI, AN SRDI},
  journal={J. Fluid Mech},
  volume={381},
  pages={175--198},
  year={1999},
  publisher={Cambridge Univ Press}
}

@article{camassa2009prolonged,
  title={Prolonged residence times for particles settling through stratified miscible fluids in the Stokes regime},
  author={Camassa, Roberto and Falcon, Claudia and Lin, Joyce and McLaughlin, Richard M and Parker, Richard},
  journal={Physics of Fluids (1994-present)},
  volume={21},
  number={3},
  pages={031702},
  year={2009},
  publisher={AIP Publishing}
}


@article{van2008dispersion,
  title={Dispersion of inertial particles in stratified turbulence},
  author={van Aartrijk, M},
  year={2008}
}


@article{nicolleau2008kinematic,
  title={Kinematic simulation for stably stratified and rotating turbulence},
  author={Nicolleau, F and Yu, G and Vassilicos, JC},
  journal={Fluid dynamics research},
  volume={40},
  number={1},
  pages={68--93},
  year={2008},
  publisher={Elsevier}
}

@article{nicolleau2013vertical,
  title={Vertical Motions of Heavy Inertial Particles Smaller than the Smallest Scale of the Turbulence in Strongly Stratified Turbulence},
  author={Nicolleau, FCGA and Sung, K-S and Vassilicos, JC},
  journal={Flow, turbulence and combustion},
  volume={91},
  number={1},
  pages={79--103},
  year={2013},
  publisher={Springer}
}


@article{auguste2013falling,
  title={Falling styles of disks},
  author={Auguste, Franck and Magnaudet, Jacques and Fabre, David},
  journal={Journal of Fluid Mechanics},
  volume={719},
  pages={388--405},
  year={2013},
  publisher={Cambridge Univ Press}
}


@article{vincent2016,
  title={Holes stabilize freely falling coins},
  author={Vincent, Lionel and Shambaugh, W Scott and Kanso, Eva},
  journal={Journal of Fluid Mechanics},
  volume={801},
  pages={250--259},
  year={2016},
  publisher={Cambridge Univ Press}
}


@article{chrust2013,
   author = "Chrust, Marcin and Bouchet, Gilles and Dušek, Jan",
   title = "Numerical simulation of the dynamics of freely falling discs",
   journal = "Physics of Fluids",
   year = "2013",
   volume = "25",
   number = "4", 
   eid = 044102,
   pages = "",
   url = "http://scitation.aip.org/content/aip/journal/pof2/25/4/10.1063/1.4799179",
   doi = "http://dx.doi.org/10.1063/1.4799179" 
}


@article{jin2008numerical,
  title={Numerical study of the unsteady aerodynamics of freely falling plates},
  author={Jin, Changqiu and Xu, Kun},
  journal={Comm. Comp. Phys},
  volume={3},
  pages={834--851},
  year={2008}
}

@article{torres2000flow,
  title={Flow past a sphere moving vertically in a stratified diffusive fluid},
  author={Torres, CR and Hanazaki, H and Ochoa, J and Castillo, J and Van Woert, M},
  journal={Journal of Fluid Mechanics},
  volume={417},
  pages={211--236},
  year={2000},
  publisher={Cambridge Univ Press}
}

@article{graf1989benthic,
  title={Benthic-pelagic coupling in a deep-sea benthic community},
  author={Graf, Gerhard},
  journal={Nature},
  volume={341},
  number={6241},
  pages={437--439},
  year={1989},
  publisher={Nature Publishing Group}
}

@article{greenslade2000drag,
  title={Drag on a sphere moving horizontally in a stratified fluid},
  author={Greenslade, MD},
  journal={Journal of Fluid Mechanics},
  volume={418},
  pages={339--350},
  year={2000},
  publisher={Cambridge Univ Press}
}

@article{lofquist1984drag,
  title={Drag on a sphere moving horizontally through a stratified liquid},
  author={Lofquist, Karl EB and Purtell, L Patrick},
  journal={Journal of Fluid Mechanics},
  volume={148},
  pages={271--284},
  year={1984},
  publisher={Cambridge Univ Press}
}


@article{mason1977forces,
  title={Forces on spheres moving horizontally in a rotating stratified fluid},
  author={Mason, PJ},
  journal={Geophysical \& Astrophysical Fluid Dynamics},
  volume={8},
  number={1},
  pages={137--154},
  year={1977},
  publisher={Taylor \& Francis}
}

@article{blanchette2005particle,
  title={Particle concentration evolution and sedimentation-induced instabilities in a stably stratified environment},
  author={Blanchette, Fran{\c{c}}ois and Bush, John WM},
  journal={Physics of Fluids},
  volume={17},
  number={7},
  pages={073302},
  year={2005},
  publisher={AIP}
}


@article{torres1999numerical,
  title={Numerical simulation of flow past a sphere in vertical motion within a stratified fluid},
  author={Torres, Carlos R and Ochoa, Jos{\'e} and Castillo, Jos{\'e}E and Hanazaki, Hideshi},
  journal={Journal of computational and applied mathematics},
  volume={103},
  number={1},
  pages={67--76},
  year={1999},
  publisher={Elsevier}
}

@article{yick2009,
  title={Enhanced drag of a sphere settling in a stratified fluid at small Reynolds numbers},
  author={Yick, King Yeung and Torres, Carlos R and Peacock, Thomas and Stocker, Roman},
  journal={Journal of Fluid mechanics},
  volume={632},
  pages={49--68},
  year={2009},
  publisher={Cambridge Univ Press}
}


@article{moore2010stratified,
  title={Stratified flows with vertical layering of density: theoretical and experimental study of the time evolution of flow configurations and their stability},
  author={Moore, Matthew NJ},
  year={2010}
}

@article{doostmohammadi2014,
  title={A numerical study of the dynamics of a particle settling at moderate Reynolds numbers in a linearly stratified fluid},
  author={Doostmohammadi, A and Dabiri, S and Ardekani, AM},
  journal={Journal of Fluid Mechanics},
  volume={750},
  pages={5--32},
  year={2014},
  publisher={Cambridge Univ Press}
}


@article{kuznetsov2015plate,
  title={Plate falling in a fluid: Regular and chaotic dynamics of finite-dimensional models},
  author={Kuznetsov, Sergey P},
  journal={Regular and Chaotic Dynamics},
  volume={20},
  number={3},
  pages={345--382},
  year={2015},
  publisher={Springer}
}

@article{bigot2014simple,
  title={A simple immersed-boundary method for solid--fluid interaction in constant-and stratified-density flows},
  author={Bigot, Barbara and Bonometti, Thomas and Lacaze, Laurent and Thual, Olivier},
  journal={Computers \& Fluids},
  volume={97},
  pages={126--142},
  year={2014},
  publisher={Elsevier}
}

@inproceedings{valdes2012samara,
  title={Samara: low-cost deployment for environmental sensing using passive autorotation},
  author={Valdes, Samuel and Urza, Ignacio and Pounds, Paul and Singh, Surya},
  booktitle={Robotics: Science and Systems Workshop on Robotics for Environmental Monitoring},
  year={2012},
  organization={Citeseer}
}

@inproceedings{pounds2016automatic,
  title={Automatic Distribution of Disposable Self-Deploying Sensor Modules},
  author={Pounds, Paul and Potie, Timothy and Kendoul, Farid and Singh, Surya and Jurdak, Raja and Roberts, Jonathan},
  booktitle={Experimental Robotics},
  pages={535--543},
  year={2016},
  organization={Springer}
}


@article{kajikawa1992observations,
  title={Observations of the falling motion of plate-like snow crystals. I: The free-fall patterns and velocity variations of unrimed crystals},
  author={Kajikawa, M},
  journal={Journal of the Meteorological Society of Japan},
  volume={70},
  number={1},
  pages={1--9},
  year={1992},
  publisher={Meteorological Society of Japan}
}

@inproceedings{dubowsky2005concept,
  title={A Concept Mission: Microbots for Large-Scale Planetary Surface and Subsurface Exploration},
  author={Dubowsky, S and Iagnemma, Karl and Liberatore, S and Lambeth, DM and Plante, JS and Boston, PJ},
  booktitle={SPACE TECHNOLOGY AND APPLICATIONS INT. FORUM-STAIF 2005: Conf. Thermophys in Micrograv; Conf Comm/Civil Next Gen. Space Transp; 22nd Symp Space Nucl. Powr Propuls.; Conf. Human/Robotic Techn. Nat'l Vision Space Expl.; 3rd Symp Space Colon.; 2nd Symp. New Frontiers},
  volume={746},
  number={1},
  pages={1449--1458},
  year={2005},
  organization={AIP Publishing}
}

@inproceedings{dubowsky2006low,
  title={Low cost micro exploration robots for search and rescue in rough terrain},
  author={Dubowsky, Steven and Plante, Jean-S{\'e}bastien and Boston, Penny},
  booktitle={IEEE International Workshop on Safety, Security and Rescue Robotics, USA},
  pages={25--30},
  year={2006}
}


